@Manual{R,
    title = {R: A Language and Environment for Statistical Computing},
    author = {{R Core Team}},
    organization = {R Foundation for Statistical Computing},
    address = {Vienna, Austria},
    year = {2020},
    url = {https://www.R-project.org/},
  }

@INPROCEEDINGS{regrf,

  author={Houtao Deng and Runger, George},

  booktitle={The 2012 International Joint Conference on Neural Networks (IJCNN)}, 

  title={Feature selection via regularized trees}, 

  year={2012},

  volume={},

  number={},

  pages={1-8},

  doi={10.1109/IJCNN.2012.6252640}}
  
   @Article{ranger,
    title = {{ranger}: A Fast Implementation of Random Forests for High Dimensional Data in {C++} and {R}},
    author = {Marvin N. Wright and Andreas Ziegler},
    journal = {Journal of Statistical Software},
    year = {2017},
    volume = {77},
    number = {1},
    pages = {1--17},
    doi = {10.18637/jss.v077.i01},
  }



  @Article{glmnet,
    title = {Regularization Paths for Generalized Linear Models via Coordinate Descent},
    author = {Jerome Friedman and Trevor Hastie and Robert Tibshirani},
    journal = {Journal of Statistical Software},
    year = {2010},
    volume = {33},
    number = {1},
    pages = {1--22},
    url = {https://www.jstatsoft.org/v33/i01/},
  }


  @Article{bartMachine,
    title = {{bartMachine}: Machine Learning with {B}ayesian Additive Regression Trees},
    author = {Adam Kapelner and Justin Bleich},
    journal = {Journal of Statistical Software},
    year = {2016},
    volume = {70},
    number = {4},
    pages = {1--40},
    doi = {10.18637/jss.v070.i04},
  }
  
  
  @article{bart,
author = {Hugh A. Chipman and Edward I. George and Robert E. McCulloch},
title = {{BART: Bayesian additive regression trees}},
volume = {4},
journal = {The Annals of Applied Statistics},
number = {1},
publisher = {Institute of Mathematical Statistics},
pages = {266 -- 298},
keywords = {Bayesian backfitting, boosting, CART, ‎classification‎, ensemble, MCMC, Nonparametric regression, probit model, random basis, regularizatio, sum-of-trees model, Variable selection, weak learner},
year = {2010},
doi = {10.1214/09-AOAS285},
URL = {https://doi.org/10.1214/09-AOAS285}
}


@Article{kernlab,
    title = {kernlab -- An {S4} Package for Kernel Methods in {R}},
    author = {Alexandros Karatzoglou and Alex Smola and Kurt Hornik and Achim Zeileis},
    journal = {Journal of Statistical Software},
    year = {2004},
    volume = {11},
    number = {9},
    pages = {1--20},
    url = {http://www.jstatsoft.org/v11/i09/},
  }
  
  @Manual{e1071,
    title = {e1071: Misc Functions of the Department of Statistics, Probability
Theory Group (Formerly: E1071), TU Wien},
    author = {David Meyer and Evgenia Dimitriadou and Kurt Hornik and Andreas Weingessel and Friedrich Leisch},
    year = {2021},
    note = {R package version 1.7-6},
    url = {https://CRAN.R-project.org/package=e1071},
  }
  
  
  @Manual{pls,
    title = {pls: Partial Least Squares and Principal Component Regression},
    author = {Bjørn-Helge Mevik and Ron Wehrens and Kristian Hovde Liland},
    year = {2020},
    note = {R package version 2.7-3},
    url = {https://CRAN.R-project.org/package=pls},
  }
